%% LaTeX2e file `references.bib'
%% generated by the `filecontents' environment
%% from source `proposal' on 2025/02/21.
%%
@misc{nrel_routee,
    author = "National Renewable Energy Laboratory NREL",
    organization = "National Renewable Energy Laboratory",
    year = "2017",
    title = "Route{E}: Route {E}nergy {P}rediction {M}odel",
    url = "https://www.nrel.gov/transportation/route-energy-prediction-model.html"
}

@misc{google_2023_environmental_report,
    author = "Google",
    organization = "Google Inc.",
    year = "2023",
    title = "Google 2023 {E}nvironmental {R}eport",
    url = "https://www.gstatic.com/gumdrop/sustainability/google-2023-environmental-report.pdf"
}

