%% LaTeX2e file `references_lit.bib'
%% generated by the `filecontents' environment
%% from source `literature_review' on 2025/03/28.
%%

