%% LaTeX2e file `references_final.bib'
%% generated by the `filecontents' environment
%% from source `final' on 2025/04/30.
%%
@article{wang2020fuelnet,
    title = "FuelNet: A precise fuel consumption prediction model using long short-term memory deep network for eco-driving",
    author = "Wang, Guanqun and Zhang, Licheng and Xu, Zhigang and Hina, Syeda Mahwish and Sun, Pengpeng and Min, Haigen and Wei, Tao and Qu, Xiaobo",
    year = "2020"
}

@article{abukhalil2020fuel,
    title = "Fuel Consumption Using OBD-II and Support Vector Machine Model",
    author = "Abukhalil, Tamer and AlMahafzah, Harbi and Alksasbeh, Malek and Alqaralleh, Bassam AY",
    journal = "Journal of Robotics",
    volume = "2020",
    number = "1",
    pages = "9450178",
    year = "2020",
    publisher = "Wiley Online Library"
}

@article{yen_combining_2021,
    author = "Yen, Meng-Hua and Tian, Shang-Lin and Lin, Yan-Ting and Yang, Cheng-Wei and Chen, Chi-Chun",
    title = "Combining a Universal OBD-II Module with Deep Learning to Develop an Eco-Driving Analysis System",
    journal = "Applied Sciences",
    volume = "11",
    year = "2021",
    number = "4481",
    url = "https://www.mdpi.com/2076-3417/11/10/4481",
    issn = "2076-3417"
}

@article{rykala2023modeling,
    title = "Modeling vehicle fuel consumption using a low-cost OBD-II interface",
    author = "Ryka{\l}a, Magdalena and Grzelak, Ma{\l}gorzata and Ryka{\l}a, {\L}ukasz and Voicu, Daniela and Stoica, Ramona-Monica",
    journal = "Energies",
    volume = "16",
    number = "21",
    pages = "7266",
    year = "2023",
    publisher = "MDPI"
}

@article{filla2025using,
    title = "Using Weather Data for Improved Analysis of Vehicle Energy Efficiency",
    author = "Filla, Reno",
    journal = "Data",
    volume = "10",
    number = "3",
    pages = "31",
    year = "2025",
    publisher = "MDPI"
}

@article{Manjunath2024,
    author = "Manjunath, T.K. and Ashok Kumar, P.S.",
    title = "Fuel Prediction Model for Driving Patterns Using Machine Learning Techniques",
    journal = "Journal of Computer Science",
    volume = "20",
    number = "3",
    pages = "291--302",
    year = "2024",
    doi = "10.3844/jcssp.2024.291.302",
    publisher = "Science Publications",
    url = "https://thescipub.com/pdf/jcssp.2024.291.302"
}

@article{zhang2023novel,
    title = "Novel Neural-Network-Based Fuel Consumption Prediction Models Considering Vehicular Jerk",
    author = "Zhang, Licheng and Ya, Jingtian and Xu, Zhigang and Easa, Said and Peng, Kun and Xing, Yuchen and Yang, Ran",
    journal = "Electronics",
    volume = "12",
    number = "17",
    pages = "3638",
    year = "2023",
    publisher = "MDPI"
}

@article{topic2022neural,
    title = "Neural network-based prediction of vehicle fuel consumption based on driving cycle data",
    author = "Topi{\'c}, Jakov and {\v{S}}kugor, Branimir and Deur, Jo{\v{s}}ko",
    journal = "Sustainability",
    volume = "14",
    number = "2",
    pages = "744",
    year = "2022",
    publisher = "Multidisciplinary Digital Publishing Institute"
}

@article{abediasl2024real,
    title = "Real-time vehicular fuel consumption estimation using machine learning and on-board diagnostics data",
    author = "Abediasl, Hamidreza and Ansari, Amir and Hosseini, Vahid and Koch, Charles Robert and Shahbakhti, Mahdi",
    journal = "Proceedings of the Institution of Mechanical Engineers, Part D: Journal of Automobile Engineering",
    volume = "238",
    number = "12",
    pages = "3779--3793",
    year = "2024",
    publisher = "SAGE Publications Sage UK: London, England"
}

@article{yang2022predicting,
    title = "Predicting gasoline vehicle fuel consumption in energy and environmental impact based on machine learning and multidimensional big data",
    author = "Yang, Yushan and Gong, Nuoya and Xie, Keying and Liu, Qingfei",
    journal = "Energies",
    volume = "15",
    number = "5",
    pages = "1602",
    year = "2022",
    publisher = "MDPI"
}

@article{al2007experimental,
    title = "Experimental investigation of factors affecting vehicle fuel consumption",
    author = "Al-Momani, Walid M and Badran, Omar",
    journal = "International Journal of Mechanical and Materials Engineering",
    volume = "2",
    number = "2",
    pages = "180--188",
    year = "2007",
    publisher = "University of Malaya"
}

@article{hegde2021real,
    title="Real-world driving features for identifying intelligent driver model parameters",
    author="Hegde, Bharatkumar and O'Keefe, Michael and Muldoon, Steven and Gonder, Jeffrey and Chang, Chen-Fang",
    year="2021",
    institution="National Renewable Energy Lab.(NREL), Golden, CO (United States)"
}

@article{Bandgar2024,
  author = "Aaditya Bandgar and Pratik Barge and Abhishek Bhamare and Somesh Bhamre and Giridhar Bhande and Ganesh Korwar",
  title = "Design of Variable Valve Timing and Electronic Control for Honda R18A",
  journal = "International Journal for Research in Applied Science and Engineering Technology (IJRASET)",
  volume = "12",
  number = "V",
  pages = "507--512",
  year = "2024"
}

@misc{nrel_routee,
    author = "National Renewable Energy Laboratory NREL",
    organization = "National Renewable Energy Laboratory",
    year = "2017",
    title = "Route{E}: Route {E}nergy {P}rediction {M}odel",
    url = "https://www.nrel.gov/transportation/route-energy-prediction-model.html"
}

@misc{google_2023_environmental_report,
    author = "Google",
    organization = "Google Inc.",
    year = "2023",
    title = "Google 2023 {E}nvironmental {R}eport",
    url = "https://www.gstatic.com/gumdrop/sustainability/google-2023-environmental-report.pdf"
}

